<?xml version="1.0" encoding="UTF-8"?><collection xmlns="http://www.loc.gov/MARC21/slim"><record><leader>00430nam--2200157-i-4500</leader><controlfield tag="001">000002922</controlfield><controlfield tag="002">20161230</controlfield><controlfield tag="005">20170304211026</controlfield><controlfield tag="008">060222s1000------------r-----000-0-eng-d</controlfield><datafield ind1=" " ind2=" " tag="100"><subfield code="a">Borchert, Rudolf</subfield></datafield><datafield ind1=" " ind2=" " tag="245"><subfield code="a">Infrarottechnik. Zweite erweiterte auflage mit 140 bildern</subfield></datafield><datafield ind1=" " ind2=" " tag="260"><subfield code="a">Berlin</subfield><subfield code="b">Veb Verlag Technik</subfield><subfield code="c">1954</subfield></datafield><datafield ind1=" " ind2=" " tag="300"><subfield code="a">197 p.Cu Fig</subfield></datafield><datafield ind1=" " ind2=" " tag="700"><subfield code="a">Jubitz, Werner</subfield></datafield><datafield ind1=" " ind2=" " tag="852"><subfield code="a">66.047.41</subfield></datafield><datafield ind1=" " ind2=" " tag="CAT"><subfield code="a">SYS</subfield><subfield code="c">20170304</subfield><subfield code="h">211026</subfield></datafield></record></collection>